<record><leader>00000cas a2200000 a 4500</leader><controlfield tag="001">6748827</controlfield><controlfield tag="008">800924d19801981tnuwr ne      0   a0eng d</controlfield><datafield ind1=" " ind2=" " tag="010"><subfield code="a">sn 80002189 </subfield></datafield><datafield ind1=" " ind2=" " tag="040"><subfield code="a">NSD</subfield><subfield code="b">eng</subfield><subfield code="c">NSD</subfield><subfield code="d">TGN</subfield><subfield code="d">OCL</subfield><subfield code="d">OCLCQ</subfield><subfield code="d">OCLCF</subfield><subfield code="d">OCLCO</subfield></datafield><datafield ind1=" " ind2=" " tag="012"><subfield code="k">1</subfield><subfield code="m">d</subfield></datafield><datafield ind1="1" ind2=" " tag="022"><subfield code="a">0273-6020</subfield><subfield code="l">0273-6020</subfield><subfield code="2">1</subfield></datafield><datafield ind1="1" ind2=" " tag="029"><subfield code="a">AU@</subfield><subfield code="b">000025789775</subfield></datafield><datafield ind1=" " ind2=" " tag="032"><subfield code="a">401860</subfield><subfield code="b">USPS</subfield></datafield><datafield ind1=" " ind2=" " tag="042"><subfield code="a">nsdp</subfield><subfield code="a">msc</subfield></datafield><datafield ind1=" " ind2=" " tag="043"><subfield code="a">n-us-tn</subfield></datafield><datafield ind1=" " ind2="4" tag="222"><subfield code="a">The Nashville Jewish observer</subfield></datafield><datafield ind1="0" ind2="4" tag="245"><subfield code="a">The Nashville Jewish observer.</subfield></datafield><datafield ind1="1" ind2="7" tag="246"><subfield code="a">Observer</subfield></datafield><datafield ind1=" " ind2=" " tag="260"><subfield code="a">Nashville, Tenn. :</subfield><subfield code="b">Middle Tennessee Jewish Publications,</subfield><subfield code="c">1980-1981.</subfield></datafield><datafield ind1=" " ind2=" " tag="310"><subfield code="a">Weekly,</subfield><subfield code="b">Sept. 3, 1980-Dec. 18, 1981</subfield></datafield><datafield ind1=" " ind2=" " tag="321"><subfield code="a">Semimonthly,</subfield><subfield code="b">Apr. 16-Aug. 20, 1980</subfield></datafield><datafield ind1="0" ind2=" " tag="362"><subfield code="a">Vol. 46, no. 6 (Apr. 16, 1980)-v. 48, no. 45 (Dec. 18, 1981).</subfield></datafield><datafield ind1=" " ind2=" " tag="500"><subfield code="a">Editors: Lee Dorman, 1980-1981; Lee T. Stewart, 1981.</subfield></datafield><datafield ind1=" " ind2="0" tag="650"><subfield code="a">Jewish newspapers</subfield><subfield code="z">Tennessee</subfield><subfield code="z">Nashville.</subfield></datafield><datafield ind1=" " ind2="0" tag="650"><subfield code="a">Jews, American</subfield><subfield code="z">Tennessee</subfield><subfield code="z">Nashville</subfield><subfield code="v">Newspapers.</subfield></datafield><datafield ind1=" " ind2="0" tag="651"><subfield code="a">Nashville (Tenn.)</subfield><subfield code="v">Newspapers.</subfield></datafield><datafield ind1=" " ind2="0" tag="651"><subfield code="a">Davidson County (Tenn.)</subfield><subfield code="v">Newspapers.</subfield></datafield><datafield ind1=" " ind2="7" tag="655"><subfield code="a">Newspapers.</subfield><subfield code="2">fast</subfield><subfield code="0">(OCoLC)fst01423814</subfield></datafield><datafield ind1=" " ind2="7" tag="650"><subfield code="a">Jewish newspapers.</subfield><subfield code="2">fast</subfield><subfield code="0">(OCoLC)fst00982872</subfield></datafield><datafield ind1=" " ind2="7" tag="650"><subfield code="a">Jews, American.</subfield><subfield code="2">fast</subfield><subfield code="0">(OCoLC)fst00983407</subfield></datafield><datafield ind1=" " ind2="7" tag="651"><subfield code="a">Tennessee</subfield><subfield code="z">Davidson County.</subfield><subfield code="2">fast</subfield><subfield code="0">(OCoLC)fst01205346</subfield></datafield><datafield ind1=" " ind2="7" tag="651"><subfield code="a">Tennessee</subfield><subfield code="z">Nashville.</subfield><subfield code="2">fast</subfield><subfield code="0">(OCoLC)fst01204195</subfield></datafield><datafield ind1=" " ind2=" " tag="752"><subfield code="a">United States</subfield><subfield code="b">Tennessee</subfield><subfield code="c">Davidson</subfield><subfield code="d">Nashville.</subfield></datafield><datafield ind1="0" ind2="0" tag="780"><subfield code="t">Observer (Nashville, Tenn. : 1934)</subfield><subfield code="w">(DLC)sn 96091065</subfield></datafield><datafield ind1="0" ind2="0" tag="785"><subfield code="t">Nashville observer</subfield><subfield code="w">(DLC)sn 96091066</subfield></datafield></record>